
@article{hamilton_graph_nodate,
	title = {Graph {Representation} {Learning}},
	volume = {14},
	number = {3},
	journal = {Synthesis Lectures on Artificial Intelligence and Machine Learning},
	author = {Hamilton, William L.},
	note = {Publisher: Morgan and Claypool},
	pages = {1--159},
}
