@inbook{1180370208,
author={Eric R. Kandel and John D. Koester and Sarah H. Mack and Steven A. Siegelbaum},
title={},
booktitle={Principles of Neural Science, 6e},
publisher={McGraw Hill},
address={New York, NY},
year={2021},
url={accessbiomedicalscience.mhmedical.com/content.aspx?aid=1180370208}
}