
@book{noauthor_theory_1998,
	address = {New York},
	series = {Springer {Texts} in {Statistics}},
	title = {Theory of {Point} {Estimation}},
	copyright = {http://www.springer.com/tdm},
	isbn = {978-0-387-98502-2},
	url = {http://link.springer.com/10.1007/b98854},
	language = {en},
	urldate = {2025-05-25},
	publisher = {Springer-Verlag},
	year = {1998},
	doi = {10.1007/b98854},
	keywords = {average, Likelihood, minimum, Point Estimation, statistical inference, statistics, Variance},
}

@misc{noauthor_statistics_nodate,
	title = {Statistics 4107: {Intro} to {Math} {Stat}},
	url = {https://sites.stat.columbia.edu/liam/teaching/4107-fall05/},
	urldate = {2025-05-25},
	file = {Statistics 4107\: Intro to Math Stat:C\:\\Users\\Admin\\Zotero\\storage\\MEEYCINZ\\4107-fall05.html:text/html},
}
